@misc{snort,
  title={Snort},
  howpublished = {\url{https://www.snort.org}},
}

@misc{snisr,
  title={SNISR - Synchronizing Network Information System via Rsync},
  howpublished = {\url{http://www.mathoni.net/cas/swforge/snisr/}},
}
